@book{Meintrup2019Statistik,
  author    = {D. Meintrup},
  title     = {Angewandte Statistik – Eine Einführung mit JMP},
  publisher = {Springer Vieweg},
  year      = {2019},
  edition   = {4},
  address   = {Wiesbaden}
}

@article{Mueller2023SchlafStudis,
  author  = {T. Müller},
  title   = {Schlafverhalten von Studierenden im Spannungsfeld zwischen Studium und Freizeit},
  journal = {Journal für Hochschulforschung},
  year    = {2023},
  volume  = {5},
  number  = {2},
  pages   = {112--121}
}

@article{Schneider2022Koffein,
  author  = {L. Schneider and M. Klein},
  title   = {Koffeinkonsum und Leistungsfähigkeit im Studium},
  journal = {Zeitschrift für Angewandte Psychologie},
  year    = {2022},
  volume  = {74},
  number  = {3},
  pages   = {201--214}
}

@misc{Bauer2024StatLearning,
  author = {A. Bauer},
  title  = {Statistical Learning in Everyday Life: How Students Use Data to Understand Themselves},
  year   = {2024},
  howpublished = {Lecture Notes, University of Augsburg}
}
